<record><leader>00000cas a22000007a 4500</leader><controlfield tag="001">11876747</controlfield><controlfield tag="008">850402d198u2009pauwr ne      0   a0eng d</controlfield><datafield ind1=" " ind2=" " tag="010"><subfield code="a">sn 85009816 </subfield></datafield><datafield ind1=" " ind2=" " tag="040"><subfield code="a">NSD</subfield><subfield code="b">eng</subfield><subfield code="c">NSD</subfield><subfield code="d">NPH</subfield><subfield code="d">UPM</subfield><subfield code="d">OCLCQ</subfield><subfield code="d">OCLCF</subfield></datafield><datafield ind1="1" ind2=" " tag="022"><subfield code="a">8750-8753</subfield><subfield code="l">8750-8753</subfield><subfield code="2">1</subfield></datafield><datafield ind1="1" ind2=" " tag="029"><subfield code="a">AU@</subfield><subfield code="b">000025784169</subfield></datafield><datafield ind1=" " ind2=" " tag="037"><subfield code="b">Hershey Chronicle, 513 W. Chocolate Ave., Suite 100, Hershey, Pa. 17033</subfield></datafield><datafield ind1=" " ind2=" " tag="042"><subfield code="a">nsdp</subfield></datafield><datafield ind1=" " ind2=" " tag="043"><subfield code="a">n-us-pa</subfield></datafield><datafield ind1=" " ind2="0" tag="222"><subfield code="a">Hershey chronicle</subfield></datafield><datafield ind1="0" ind2="0" tag="245"><subfield code="a">Hershey chronicle.</subfield></datafield><datafield ind1="3" ind2="0" tag="246"><subfield code="a">Chronicle</subfield></datafield><datafield ind1=" " ind2=" " tag="260"><subfield code="a">Hershey, Pa. :</subfield><subfield code="b">Chronicle Pub. Co.</subfield></datafield><datafield ind1=" " ind2=" " tag="300"><subfield code="a">v. :</subfield><subfield code="b">ill. ;</subfield><subfield code="c">58 cm.</subfield></datafield><datafield ind1=" " ind2=" " tag="310"><subfield code="a">Weekly</subfield></datafield><datafield ind1="1" ind2=" " tag="362"><subfield code="a">Ceased with vol. 27, no. 5 (week of Jan. 29-Feb. 4, 2009).</subfield></datafield><datafield ind1=" " ind2=" " tag="580"><subfield code="a">Merged with: The Sun (Hummelstown, Pa.), to form: The Sun/Hershey chronicle.</subfield></datafield><datafield ind1=" " ind2=" " tag="588"><subfield code="a">Description based on: Vol. 1, no. 2 (June 6, 1984).</subfield></datafield><datafield ind1=" " ind2=" " tag="588"><subfield code="a">Latest issue consulted: Mar. 6, 1985.</subfield></datafield><datafield ind1=" " ind2="0" tag="651"><subfield code="a">Hershey (Pa.)</subfield><subfield code="v">Newspapers.</subfield></datafield><datafield ind1=" " ind2="7" tag="655"><subfield code="a">Newspapers.</subfield><subfield code="2">fast</subfield><subfield code="0">(OCoLC)fst01423814</subfield></datafield><datafield ind1=" " ind2="7" tag="651"><subfield code="a">Pennsylvania</subfield><subfield code="z">Hershey.</subfield><subfield code="2">fast</subfield><subfield code="0">(OCoLC)fst01212823</subfield></datafield><datafield ind1=" " ind2=" " tag="752"><subfield code="a">United States</subfield><subfield code="b">Pennsylvania</subfield><subfield code="c">Dauphin</subfield><subfield code="d">Hershey.</subfield></datafield><datafield ind1="1" ind2="4" tag="785"><subfield code="t">Sun (Hummelstown, Pa.)</subfield><subfield code="x">1942-4442</subfield><subfield code="w">(DLC)sn 86081640</subfield><subfield code="w">(OCoLC)13030221</subfield></datafield><datafield ind1="1" ind2="4" tag="785"><subfield code="t">Sun/Hershey chronicle</subfield><subfield code="w">(OCoLC)456753815</subfield></datafield></record>